<?xml version="1.0" encoding="UTF-8"?><collection xmlns="http://www.loc.gov/MARC21/slim"><record><leader>00391nam--2200133-i-4500</leader><controlfield tag="001">000039909</controlfield><controlfield tag="002">20161230</controlfield><controlfield tag="005">20161230201042</controlfield><controlfield tag="008">060222s1000------------r-----000-0-eng-d</controlfield><datafield ind1=" " ind2=" " tag="080"><subfield code="a">621.3.08:621.317</subfield></datafield><datafield ind1=" " ind2=" " tag="100"><subfield code="a">Rugina,Ioan</subfield></datafield><datafield ind1=" " ind2=" " tag="245"><subfield code="a">Comportarea dinamica a sistemelor de masurare cu esantionare si insfluenta acesteia asupra preciziei</subfield></datafield><datafield ind1=" " ind2=" " tag="260"><subfield code="a">Bucuresti, Ipb,1969. 47 P</subfield></datafield><datafield ind1=" " ind2=" " tag="852"><subfield code="a">33214</subfield></datafield></record></collection>